@Book{postacsyllabus,
  title = {Post Academic Syllabus},
  author = {Beth M. Duckles },
  publisher = {Insightful Press},
  address = {Portland, Oregon},
  year = {2018},
  url = {http://postacathenas.com},
}
